@article{press2023measuring,
	author = {Пресс, О. and Жанг, М. and Мин, С. and Шмидт, Л. and Смит, Н. and Льюис, М.},
	title = {Измерение и сужение разрыва композиционности в языковых моделях},
	journal = {CoRR},
	year = {2023},
	url = {https://arxiv.org/abs/2210.03350},
	urldate = {2025-02-20}
}

@article{perez2020unsupervised,
	author = {Перес, Э. and Льюис, П. and Йи, В. and Чо, К. and Киела, Д.},
	title = {Неконтролируемая декомпозиция вопросов для систем вопросно-ответного поиска},
	journal = {CoRR},
	year = {2020},
	url = {https://arxiv.org/abs/2002.09758},
	urldate = {2025-02-20}
}

@article{barhaim2020quantitative,
	author = {Бар-Хаим, Р. and Кантор, Й. and Эден, Л. and Фридман, Р. and Лахав, Д. and Слоним, Н.},
	title = {Количественный анализ аргументов и не только: межпредметный анализ ключевых точек},
	journal = {CoRR},
	year = {2020},
	url = {https://arxiv.org/abs/2010.05369},
	urldate = {2025-02-20}
}

@article{wang2022human,
	author = {Ванг, Ж. and Гуо, Б. and Чен, Л.},
	title = {Машинное обучение с участием человека: макро-микро перспектива},
	journal = {CoRR},
	year = {2022},
	url = {https://arxiv.org/abs/2202.10564},
	urldate = {2025-02-20}
}

@inproceedings{hu2021edg,
	author = {Ху, С. and Шу, И. and Хуанг, С. and Цюй, Ю.},
	title = {Декомпозиция вопросов на основе EDG для ответов на сложные вопросы с использованием баз знаний},
	booktitle = {The Semantic Web -- ISWC 2021},
	year = {2021},
	pages = {128--145},
	publisher = {Springer International Publishing},
	address = {Cham},
	url = {https://www.researchgate.net/publication/354925951},
	urldate = {2025-02-20}
}

@article{hasson2021question,
	author = {Хассон, М. and Берант, Дж.},
	title = {Декомпозиция вопросов с использованием графов зависимостей},
	journal = {CoRR},
	year = {2021},
	url = {https://arxiv.org/abs/2104.08647},
	urldate = {2025-02-20}
}

@article{sun2020sparqa,
	author = {Сун, Я. and Жанг, Л. and Ченг, Г. and Цюй, Ю.},
	title = {SPARQA: семантический парсинг на основе скелетов для сложных вопросов к базам знаний},
	journal = {CoRR},
	year = {2020},
	url = {https://arxiv.org/abs/2003.13956},
	urldate = {2025-02-20}
}

@inproceedings{zhang2019complex,
	author = {Жанг, Х. and Цай, Дж. and Сюй, Дж. and Ванг, Дж.},
	title = {Декомпозиция сложных вопросов для семантического парсинга},
	booktitle = {Proceedings of the 57th Annual Meeting of the Association for Computational Linguistics},
	year = {2019},
	pages = {4477--4486},
	publisher = {Association for Computational Linguistics},
	address = {Florence, Italy},
	url = {https://aclanthology.org/P19-1440.pdf},
	urldate = {2025-02-20}
}

@article{venktesh2023context,
	author = {Венктеш, В. and Бхаттачарья, С. and Ананд, А.},
	title = {Перенос контекстных способностей для декомпозиции вопросов в сложных системах вопросно-ответного поиска},
	journal = {CoRR},
	year = {2023},
	url = {https://arxiv.org/abs/2310.18371},
	urldate = {2024-12-24}
}

@misc{deepseek,
	title = {DeepSeek},
	organization = {DeepSeek},
	url = {https://www.deepseek.com},
	urldate = {2025-02-20}
}

@misc{gpt4,
	title = {ChatGPT-4},
	organization = {OpenAI},
	url = {https://openai.com},
	urldate = {2025-02-20}
}

@misc{o1,
	title = {OpenAI O1-Mini},
	organization = {OpenAI},
	url = {https://openai.com/index/openai-o1-mini-advancing-cost-efficient-reasoning},
	urldate = {2025-02-20}
}

@misc{yi,
	title = {Yi Models},
	organization = {01.AI},
	url = {https://01.ai},
	urldate = {2025-02-20}
}

@misc{claude,
	title = {Claude},
	organization = {Anthropic},
	url = {https://www.anthropic.com},
	urldate = {2025-02-20}
}

@misc{ttech,
	title = {T-Tech T-pro-it-1.0},
	organization = {T-Tech},
	url = {https://huggingface.co/t-tech/T-pro-it-1.0},
	urldate = {2025-02-20}
}

@misc{gigachat,
	title = {GigaChat},
	organization = {Sber},
	url = {https://giga.chat},
	urldate = {2025-02-20}
}

@misc{gemini,
	title = {Gemini},
	organization = {Google DeepMind},
	url = {https://deepmind.google/technologies/gemini},
	urldate = {2025-02-20}
}

@misc{qwen,
	title = {Qwen},
	organization = {Alibaba Cloud},
	url = {https://qwenlm.github.io},
	urldate = {2025-02-20}
}

@misc{phi,
	title = {Phi-4},
	organization = {Microsoft},
	url = {https://huggingface.co/microsoft/phi-4},
	urldate = {2025-02-20}
}

@misc{llama,
	title = {LLaMA},
	organization = {Meta},
	url = {https://www.llama.com},
	urldate = {2025-02-20}
}

@misc{mistral,
	title = {Mistral AI},
	organization = {Mistral AI},
	url = {https://mistral.ai},
	urldate = {2025-02-20}
}

@misc{cohere,
	title = {Cohere Command},
	organization = {Cohere},
	url = {https://cohere.com/command},
	urldate = {2025-02-20}
}

@misc{gemma,
	title = {Gemma},
	organization = {Google},
	url = {https://ai.google.dev/gemma},
	urldate = {2025-02-20}
}

@misc{watari,
	title = {Watari-7b},
	organization = {Attn Signs},
	url = {https://huggingface.co/attn-signs/Watari-7b-v1},
	urldate = {2025-02-20}
}

@misc{yandexgpt,
	title = {YandexGPT},
	organization = {Yandex},
	url = {https://ya.ru/ai/gpt-4},
	urldate = {2025-02-20}
}

@misc{gpt35,
	title = {GPT-3.5 Turbo},
	organization = {OpenAI},
	url = {https://platform.openai.com/docs/models#gpt-3-5-turbo},
	urldate = {2025-02-20}
}

@misc{chatglm,
	title = {GLM-4},
	organization = {Zhipu AI},
	url = {https://bigmodel.cn/dev/howuse/glm-4},
	urldate = {2025-02-20}
}

@misc{c4ai,
	title = {C4AI Command-R},
	organization = {Cohere For AI},
	url = {https://huggingface.co/CohereForAI/c4ai-command-r-v01},
	urldate = {2025-02-20}
}

@misc{suzume,
	title = {Suzume LLaMA-3},
	organization = {Light Blue},
	url = {https://huggingface.co/lightblue/suzume-llama-3-8B-multilingual},
	urldate = {2025-02-20}
}

@misc{hermes,
	title = {Hermes-2},
	organization = {Nous Research},
	url = {https://huggingface.co/NousResearch/Hermes-2-Theta-Llama-3-8B},
	urldate = {2025-02-20}
}

@misc{saiga,
	title = {Saiga LLaMA-3},
	organization = {Ilya Gusev},
	url = {https://huggingface.co/IlyaGusev/saiga_llama3_8b},
	urldate = {2025-02-20}
}

@misc{aya,
	title = {Aya-23-8B},
	organization = {Cohere For AI},
	url = {https://huggingface.co/CohereForAI/aya-23-8B},
	urldate = {2025-02-20}
}

@misc{paralex,
	title = {ParaLex LLaMA-3},
	organization = {Hivaze},
	url = {https://huggingface.co/hivaze/ParaLex-Llama-3-8B-SFT},
	urldate = {2025-02-20}
}

@misc{storm,
	title = {Storm-7B},
	organization = {Jie Liu},
	url = {https://huggingface.co/jieliu/Storm-7B},
	urldate = {2025-02-20}
}

@misc{neural,
	title = {Neural Chat},
	organization = {Intel},
	url = {https://huggingface.co/Intel/neural-chat-7b-v3-3},
	urldate = {2025-02-20}
}

@misc{vikhr,
	title = {Vikhr Nemo},
	organization = {Vikhr Models},
	url = {https://huggingface.co/Vikhrmodels/Vikhr-Nemo-12B-Instruct-R-21-09-24},
	urldate = {2025-02-20}
}

@misc{ruadapt,
	title = {RuadaptQwen},
	organization = {Hugging Face},
	url = {https://huggingface.co/msu-rcc-lair/RuadaptQwen2.5-32B-Instruct},
	urldate = {2025-02-20}
}

@misc{zeromistral,
	title = {ru-Zero-Mistral-Small-24B},
	organization = {Hugging Face},
	url = {https://huggingface.co/ZeroAgency/Zero-Mistral-Small-24B-Instruct-2501},
	urldate = {2025-02-20}
}

@misc{cotype,
	title = {Cotype-Nano},
	organization = {MTSAIR},
	url = {https://huggingface.co/MTSAIR/Cotype-Nano},
	urldate = {2025-02-20}
}

@misc{llmarena,
	title = {LLM Arena: платформа оценки языковых моделей},
	url = {https://llmarena.ru},
	urldate = {2025-02-24}
}

@misc{llama_cpp_lib,
	title = {Фреймворк llama-cpp-python},
	url = {https://pypi.org/project/llama-cpp-python/},
	urldate = {2025-03-12}
}

@misc{typer_lib,
	title = {Фреймворк typer},
	url = {https://pypi.org/project/typer/},
	urldate = {2025-03-12}
}

@misc{rich_lib,
	title = {Фреймворк rich},
	url = {https://pypi.org/project/rich/},
	urldate = {2025-03-12}
}

@misc{pydantic_lib,
	title = {Фреймворк pydantic},
	url = {https://pypi.org/project/pydantic/},
	urldate = {2025-03-12}
}

@misc{t_lite_it_q4,
	title = {T-lite-it-1.0-Q4},
	url = {https://huggingface.co/aovchinnikov/T-lite-it-1.0-Q4_K_M-GGUF},
	urldate = {2025-04-10}
}

@misc{mit,
	title = {The MIT License},
	organization = {Open Source Initiative},
	url = {https://opensource.org/license/mit},
	urldate = {2025-05-11}
}

@misc{apache2,
	title = {Apache License 2.0},
	organization = {Apache Software Foundation},
	url = {https://www.apache.org/licenses/LICENSE-2.0},
	urldate = {2025-05-11}
}

@misc{osi,
	title = {Open Source Licenses by Category},
	organization = {Open Source Initiative},
	url = {https://opensource.org/licenses},
	urldate = {2025-05-11}
}

@misc{apache,
	title = {Лицензия Apache 2.0},
	url = {https://www.apache.org/licenses/LICENSE-2.0},
	urldate = {2025-05-11}
}

@misc{tlite,
	title = {Языковая модель T-lite-it-1.0},
	organization = {T Банк},
	url = {https://huggingface.co/t-tech/T-lite-it-1.0},
	urldate = {2025-05-11}
}

@misc{mit,
	title = {Лицензия MIT},
	url = {https://mit-license.org/},
	urldate = {2025-05-11}
}

@misc{typer,
	title = {Лицензия фреймворка typer},
	url = {https://github.com/fastapi/typer/blob/master/LICENSE},
	urldate = {2025-05-11}
}

@misc{pydantic,
	title = {Лицензия фреймворка pydantic},
	url = {https://github.com/pydantic/pydantic/blob/main/LICENSE},
	urldate = {2025-05-11}
}

@misc{rich,
	title = {Лицензия фреймворка rich},
	url = {https://github.com/Textualize/rich/blob/master/LICENSE},
	urldate = {2025-05-11}
}

@misc{llama-cpp-python,
	title = {Лицензия фреймворка llama-cpp-python},
	url = {https://github.com/abetlen/llama-cpp-python/blob/main/LICENSE.md},
	urldate = {2025-05-11}
}

@misc{minust,
	title = {Список экстремистских материалов Министерства юстиции РФ},
	organization = {Министерство юстиции РФ},
	url = {https://minjust.gov.ru/ru/extremist-materials},
	urldate = {2025-05-11}
}

@misc{rkn,
	title = {Единый реестр запрещенной информации},
	organization = {Роскомнадзор},
	url = {https://rkn.gov.ru/activity/electronic-communications/eais/},
	urldate = {2025-05-11}
}

@misc{verh_sud,
	title = {Перечень запрещённой информации согласно постановлениям Верховного Суда РФ},
	url = {https://vsrf.ru/},
	urldate = {2025-05-11}
}

@misc{prokur,
	title = {Прокуратура РФ},
	url = {https://epp.genproc.gov.ru/web/gprf},
	urldate = {2025-05-11}
}

@misc{min_cifr,
	title = {Минцифры России},
	url = {https://digital.gov.ru/},
	urldate = {2025-05-11}
}